
  <record>
    <controlfield tag="001">2</controlfield>
    <datafield tag="100" ind1="1" ind2=" ">
      <subfield code="a">Cendrars, Blaise, 1887-1961.</subfield>
      <subfield code="t">Selections.</subfield>
      <subfield code="f">1987.</subfield>
    </datafield>
    <datafield ind1="1" ind2="0" tag="245">
      <subfield code="a">Tarjamat al-Zabūr al-sharīf.</subfield>
    </datafield>
    <datafield ind1="0" ind2="2" tag="730">
      <subfield code="3">1980:</subfield>
      <subfield code="a">Bible.</subfield>
      <subfield code="p">O.T.</subfield>
      <subfield code="p">Psalms.</subfield>
      <subfield code="s">Codex Sinaiticus.</subfield>
    </datafield>
    <datafield tag="384" ind1=" " ind2=" ">
      <subfield code="a">B-flat minor</subfield>
    </datafield>
    <datafield tag="730" ind1="0" ind2="2">
      <subfield code="i">Parody of (work):</subfield>
      <subfield code="a">[Motets].</subfield>
      <subfield code="r">E minor</subfield>
      <subfield code="h">Sound recording</subfield>
      <subfield code="x">1234-5678</subfield>
      <subfield code="5">DLC</subfield>
    </datafield>
    <!-- MTA Hub examples -->
    <datafield ind1="0" ind2="4" tag="730">
      <subfield code="a">Apocrypha</subfield>
    </datafield>
    <datafield tag="730" ind1=" " ind2=" ">
      <subfield code="i">is arrangement of</subfield>
      <subfield code="a">Partita,</subfield>
      <subfield code="m">clarinets (2), bassoon,</subfield>
      <subfield code="r">E♭ major;</subfield>
    </datafield>
    <datafield tag="730" ind1=" " ind2=" ">
      <subfield code="i">is translation of</subfield>
      <subfield code="a">Etrusques et lEurope.</subfield>
    </datafield>
  </record>