
  <record>
    <controlfield tag="001">4</controlfield>
    <datafield tag="041" ind1="1" ind2=" ">
      <subfield code="a">eng</subfield>
      <subfield code="h">epo</subfield>
    </datafield>
    <datafield tag="130" ind1="0" ind2=" ">
      <subfield code="a">Jara raporto de la Ministro de Supply kaj Servo Kanado sub la Korporacioj kaj Labor Unions Returns Akto.</subfield>
      <subfield code="l">English.</subfield>
    </datafield>
    <datafield tag="245" ind1="0" ind2="0">
      <subfield code="a">Annual report of the Minister of Supply and Service Canada under the Corporations and Labour Unions Returns Act.</subfield>
    </datafield>
  </record>