
  <record>
    <controlfield tag="001">6</controlfield>
    <datafield tag="100" ind1="1" ind2=" ">
      <subfield code="a">Nefwich, Harvey.</subfield>
    </datafield>
    <datafield tag="240" ind1="1" ind2="0">
      <subfield code="a">Sonata for kazoo.</subfield>
      <subfield code="o">arr.</subfield>
    </datafield>
  </record>
</collection>
